@unpublished{Constable:2012,
 author = {Constable, Robert},
 title = {Applied Logic: Analytic Tableaux vs. Refinement logic},
 institution = {Cornell University},
 howpublished = {university lecture},
 month = {September},
 year = {2012},
 url = {http://www.cs.cornell.edu/courses/CS4860/2012fa/lec-09.pdf},
}

@InProceedings{smh08HermiT,
    author = "Rob Shearer and Boris Motik and Ian Horrocks",
    title = "{HermiT: A Highly-Efficient OWL Reasoner}",
    booktitle = "Proc. of the 5th Int. Workshop on OWL: Experiences and Directions (OWLED 2008 EU)",
    editor = "Alan Ruttenberg and Ulrile Sattler and Cathy Dolbear",
    address = "Karlsruhe, Germany",
    month = "October 26--27",
    year = "2008",
}
