@book{Russell:2009:AIM:1671238,
 author = {Russell, Stuart and Norvig, Peter},
 title = {Artificial Intelligence: A Modern Approach},
 year = {2009},
 isbn = {0136042597, 9780136042594},
 edition = {3rd},
 publisher = {Prentice Hall Press},
 address = {Upper Saddle River, NJ, USA},
}

@inproceedings{1975:MFS:980190.980222,
 title = {Minsky's Frame System Theory},
 booktitle = {Proceedings of the 1975 Workshop on Theoretical Issues in Natural Language Processing},
 series = {TINLAP '75},
 year = {1975},
 location = {Cambridge, Massachusetts},
 pages = {104--116},
 numpages = {13},
 url = {http://dx.doi.org/10.3115/980190.980222},
 doi = {10.3115/980190.980222},
 acmid = {980222},
 publisher = {Association for Computational Linguistics},
 address = {Stroudsburg, PA, USA},
}
