@INPROCEEDINGS{Schaeffer1989,
 author = {Jonathan Schaeffer and Robert Lake},
 title = {Solving the Game of Checkers},
 booktitle = {Games of No Chance},
 year = {1996},
 volume = 29,
 pages = {119--136},
 publisher = {Cambridge University Press},
 url = {http://library.msri.org/books/Book29/contents.html}
}
